@article{chertkov2022black,
  author        = {Chertkov, A. and Ryzhakov, G. and Oseledets, I.},
  title         = {Black box approximation in the tensor train format initialized by {ANOVA} decomposition},
  year          = {2022},
  journal       = {{arXiv} preprint {arXiv}:2208.03380}
}
@article{dieterich2012empirical,
  author        = {Dieterich, J. and Hartke, B.},
  title         = {Empirical review of standard benchmark functions using evolutionary global optimization},
  year          = {2012},
  journal       = {Applied Mathematics},
  volume        = {3},
  number        = {10},
  pages         = {1552--1564},
}
@article{jamil2013literature,
  author        = {Jamil, M. and Yang, X.},
  title         = {A literature survey of benchmark functions for global optimization problems},
  year          = {2013},
  journal       = {Journal of Mathematical Modelling and Numerical Optimisation},
  volume        = {4},
  number        = {2},
  pages         = {150--194},
}
@article{oseledets2011tensortrain,
  author        = {Oseledets, I.},
  title         = {Tensor-train decomposition},
  year          = {2011},
  journal       = {{SIAM} Journal on Scientific Computing},
  volume        = {33},
  number        = {5},
  pages         = {2295--2317},
}
@article{singh2019abstract,
  author        = {Singh, G. and Gehr, T. and P{\"u}schel, M. and Vechev, M.},
  title         = {An abstract domain for certifying neural networks},
  year          = {2019},
  journal       = {Proceedings of the {ACM} on Programming Languages},
  volume        = {3},
  number        = {POPL},
  pages         = {1--30},
}
